<record><leader>00000cas a2200000 a 4500</leader><controlfield tag="001">53104733</controlfield><controlfield tag="008">030929d19791982cauwr ne      0    0eng c</controlfield><datafield ind1=" " ind2=" " tag="010"><subfield code="a">sn2003061267</subfield></datafield><datafield ind1=" " ind2=" " tag="040"><subfield code="a">CNK</subfield><subfield code="b">eng</subfield><subfield code="c">CNK</subfield><subfield code="d">CNK</subfield><subfield code="d">OCLCQ</subfield><subfield code="d">OCLCF</subfield><subfield code="d">OCLCO</subfield></datafield><datafield ind1="1" ind2=" " tag="029"><subfield code="a">AU@</subfield><subfield code="b">000024976176</subfield></datafield><datafield ind1=" " ind2=" " tag="042"><subfield code="a">pcc</subfield></datafield><datafield ind1=" " ind2=" " tag="043"><subfield code="a">n-us-ca</subfield></datafield><datafield ind1="0" ind2="0" tag="245"><subfield code="a">Goleta Valley news.</subfield></datafield><datafield ind1=" " ind2=" " tag="260"><subfield code="a">Goleta, Calif. :</subfield><subfield code="b">James P. Lennane</subfield></datafield><datafield ind1=" " ind2=" " tag="300"><subfield code="a">v.</subfield></datafield><datafield ind1=" " ind2=" " tag="310"><subfield code="a">Weekly</subfield></datafield><datafield ind1="0" ind2=" " tag="362"><subfield code="a">Vol. 13, no. 18 (July 4, 1979)-v. 16, no. 20 (May 19, 1982).</subfield></datafield><datafield ind1=" " ind2=" " tag="515"><subfield code="a">Issue for Mar 26, 1980 lacks v. and numbering designation.</subfield></datafield><datafield ind1=" " ind2=" " tag="530"><subfield code="a">Master negatives are available for duplication from:</subfield><subfield code="b">California Newspaper Microfilm Archive;</subfield><subfield code="c">positive copies may be purchased by the reel; for further information consult the CNMA at:</subfield><subfield code="u">http://cbsr.ucr.edu</subfield></datafield><datafield ind1=" " ind2="0" tag="651"><subfield code="a">Goleta (Calif.)</subfield><subfield code="v">Newspapers.</subfield></datafield><datafield ind1=" " ind2="7" tag="655"><subfield code="a">Newspapers.</subfield><subfield code="2">fast</subfield><subfield code="0">(OCoLC)fst01423814</subfield></datafield><datafield ind1=" " ind2="7" tag="651"><subfield code="a">California</subfield><subfield code="z">Goleta.</subfield><subfield code="2">fast</subfield><subfield code="0">(OCoLC)fst01212419</subfield></datafield><datafield ind1=" " ind2=" " tag="752"><subfield code="a">United States</subfield><subfield code="b">California</subfield><subfield code="c">Santa Barbara</subfield><subfield code="d">Goleta.</subfield></datafield><datafield ind1="0" ind2="0" tag="780"><subfield code="t">Today (Goleta, Calif.)</subfield><subfield code="w">(DLC)sn2004061136</subfield></datafield><datafield ind1="0" ind2="0" tag="785"><subfield code="t">Goleta sun</subfield><subfield code="w">(DLC)sn2004061137</subfield></datafield></record>